@Misc{particle_tracker,
  author       = {Particle},
  month        = apr,
  title        = {Tracker SoM Datasheet},
  year         = {2023},
  organization = {Particle},
  revision     = {25},
  url          = {https://docs.particle.io/assets/pdfs/datasheets/tracker-som-datasheet.pdf},
}

@Misc{eseries_module_datasehet,
  author       = {Particle},
  month        = jan,
  title        = {E Series module datasheet},
  year         = {2023},
  organization = {Particle},
  revision     = {5},
  url          = {https://docs.particle.io/assets/pdfs/datasheets/e-series-datasheet.pdf},
}

@Misc{icm20948,
  author = {TDK Invensense},
  month  = jun,
  title  = {ICM-20948},
  year   = {2017},
  url    = {https://invensense.tdk.com/wp-content/uploads/2016/06/DS-000189-ICM-20948-v1.3.pdf},
}

@Misc{,
  author = {Phil Bresnehan},
  month  = sep,
  title  = {Smartfin Temperature Calibration},
  year   = {2019},
  url    = {https://github.com/UCSD-E4E/smartfin-docs/wiki/Temperature-Calibration},
}

@Article{Qureshi2017,
  author    = {Qureshi, Umar and Golnaraghi, Farid},
  journal   = {IEEE Sensors Journal},
  title     = {An Algorithm for the In-Field Calibration of a MEMS IMU},
  year      = {2017},
  issn      = {2379-9153},
  month     = nov,
  number    = {22},
  pages     = {7479--7486},
  volume    = {17},
  doi       = {10.1109/jsen.2017.2751572},
  publisher = {Institute of Electrical and Electronics Engineers (IEEE)},
}

@InProceedings{Lin2017,
  author    = {Lin, Zhirong and Xiong, Yongsheng and Dai, Houde and Xia, Xuke},
  booktitle = {2017 5th International Conference on Enterprise Systems (ES)},
  title     = {An Experimental Performance Evaluation of the Orientation Accuracy of Four Nine-Axis MEMS Motion Sensors},
  year      = {2017},
  month     = sep,
  pages     = {185--189},
  publisher = {IEEE},
  doi       = {10.1109/es.2017.37},
}

@Comment{jabref-meta: databaseType:bibtex;}
